<record><leader>00000cas a2200000 a 4500</leader><controlfield tag="001">9472637</controlfield><controlfield tag="008">830503d18611871ohudn ne      0    0eng c</controlfield><datafield ind1=" " ind2=" " tag="010"><subfield code="a">sn 83045113 </subfield></datafield><datafield ind1=" " ind2=" " tag="040"><subfield code="a">CRL</subfield><subfield code="b">eng</subfield><subfield code="c">CRL</subfield><subfield code="d">NPW</subfield><subfield code="d">NPV</subfield><subfield code="d">NPX</subfield><subfield code="d">DLC</subfield><subfield code="d">NPU</subfield><subfield code="d">NJW</subfield><subfield code="d">NPI</subfield><subfield code="d">ONP</subfield><subfield code="d">KNP</subfield><subfield code="d">ONP</subfield><subfield code="d">MGN</subfield><subfield code="d">NVF</subfield><subfield code="d">CVF</subfield><subfield code="d">OCL</subfield><subfield code="d">DLC</subfield><subfield code="d">CRL</subfield><subfield code="d">DLC</subfield><subfield code="d">CRL</subfield><subfield code="d">KRTAS</subfield><subfield code="d">DLC</subfield><subfield code="d">OCLCQ</subfield><subfield code="d">OCLCF</subfield></datafield><datafield ind1="1" ind2=" " tag="029"><subfield code="a">AU@</subfield><subfield code="b">000002714250</subfield></datafield><datafield ind1=" " ind2=" " tag="042"><subfield code="a">pcc</subfield></datafield><datafield ind1=" " ind2=" " tag="043"><subfield code="a">n-us-oh</subfield></datafield><datafield ind1="0" ind2="0" tag="050"><subfield code="a">Newspaper</subfield></datafield><datafield ind1="0" ind2=" " tag="130"><subfield code="a">Cincinnati daily times (Cincinnati, Ohio : 1861)</subfield></datafield><datafield ind1="1" ind2="0" tag="245"><subfield code="a">Cincinnati daily times.</subfield></datafield><datafield ind1="1" ind2=" " tag="246"><subfield code="i">Published as:</subfield><subfield code="a">Cincinnati evening times</subfield><subfield code="f">&lt;Jan. 1-27, 1862&gt;</subfield></datafield><datafield ind1=" " ind2=" " tag="260"><subfield code="a">Cincinnati [Ohio] :</subfield><subfield code="b">C.W. Starbuck &amp; Co.,</subfield><subfield code="c">1861-1871.</subfield></datafield><datafield ind1=" " ind2=" " tag="300"><subfield code="a">v.</subfield></datafield><datafield ind1=" " ind2=" " tag="310"><subfield code="a">Daily (except Sunday)</subfield></datafield><datafield ind1="0" ind2=" " tag="362"><subfield code="a">Vol. 41, no. 7871 (July 29, 1861)-v. 53, no. 10,986 (Apr. 29, 1871).</subfield></datafield><datafield ind1=" " ind2=" " tag="525"><subfield code="a">Has occasional supplements.</subfield></datafield><datafield ind1=" " ind2=" " tag="530"><subfield code="a">Also issued on microfilm from Readex Microfilm Products (filmed with other items).</subfield></datafield><datafield ind1=" " ind2=" " tag="580"><subfield code="a">Triweekly ed.: Cincinnati times, &lt;1865&gt;.</subfield></datafield><datafield ind1=" " ind2=" " tag="580"><subfield code="a">Weekly ed.: Dollar weekly times (Cincinnati, Ohio), 1861-1866, and: Weekly Cincinnati times, 1866-1871.</subfield></datafield><datafield ind1=" " ind2="0" tag="651"><subfield code="a">Cincinnati (Ohio)</subfield><subfield code="v">Newspapers.</subfield></datafield><datafield ind1=" " ind2="7" tag="655"><subfield code="a">Newspapers.</subfield><subfield code="2">fast</subfield><subfield code="0">(OCoLC)fst01423814</subfield></datafield><datafield ind1=" " ind2="7" tag="651"><subfield code="a">Ohio</subfield><subfield code="z">Cincinnati.</subfield><subfield code="2">fast</subfield><subfield code="0">(OCoLC)fst01205142</subfield></datafield><datafield ind1=" " ind2=" " tag="752"><subfield code="a">United States</subfield><subfield code="b">Ohio</subfield><subfield code="c">Hamilton</subfield><subfield code="d">Cincinnati.</subfield></datafield><datafield ind1="1" ind2=" " tag="775"><subfield code="t">Dollar weekly times (Cincinnati, Ohio)</subfield><subfield code="w">(DLC)sn 84024181</subfield><subfield code="w">(OCoLC)2260472</subfield></datafield><datafield ind1="1" ind2=" " tag="775"><subfield code="t">Weekly Cincinnati times</subfield><subfield code="w">(DLC)sn 85025736</subfield><subfield code="w">(OCoLC)11906116</subfield></datafield><datafield ind1="1" ind2=" " tag="775"><subfield code="t">Cincinnati times</subfield><subfield code="w">(DLC)sn 92063887</subfield><subfield code="w">(OCoLC)26557607</subfield></datafield><datafield ind1="0" ind2="0" tag="780"><subfield code="t">Daily times (Cincinnati, Ohio : 1860)</subfield><subfield code="w">(DLC)sn 85025737</subfield><subfield code="w">(OCoLC)11902737</subfield></datafield><datafield ind1="1" ind2="7" tag="785"><subfield code="t">Cincinnati daily chronicle</subfield><subfield code="w">(DLC)sn 84024188</subfield><subfield code="w">(OCoLC)11162858</subfield></datafield><datafield ind1="1" ind2="7" tag="785"><subfield code="t">Cincinnati times and chronicle</subfield><subfield code="w">(DLC)sn 83045112</subfield><subfield code="w">(OCoLC)9315743</subfield></datafield><datafield ind1=" " ind2=" " tag="938"><subfield code="a">Kirtas Technologies, Inc.</subfield><subfield code="b">KRTS</subfield><subfield code="n">736605</subfield></datafield></record>